@article{lightning_network,
    author = {Poon, Joseph and Dryja, Thaddeus},
    citeulike-article-id = {14035315},
    citeulike-linkout-0 = {https://lightning.network/lightning-network-paper.pdf},
    keywords = {blockchain, consensus, scalability},
    posted-at = {2016-05-15 09:52:15},
    priority = {2},
    title = {{The Bitcoin Lightning Network:
Scalable Off-Chain Instant Payments}},
    url = {https://lightning.network/lightning-network-paper.pdf}
}

@misc{lightning_network_specs,
  author = {lightningnetwork},
  title = {{Lightning Network In-Progress Specifications}},
  howpublished = "\url{https://github.com/lightningnetwork/lightning-rfc}",
  note = "[Online; accessed 28-November-2019]"
}

@article{bitcoin,
    author = {Nakamoto, Satoshi},
    title = {Bitcoin: A peer-to-peer electronic cash system},
    url = {http://www.bitcoin.org/bitcoin.pdf},
    year = 2009
}

@unpublished{ln_analysis,
    author = {Calhas, David and Valente, João},
    title = {A Lightning Network Analysis},
    year = 2019
}

@book{mastering_bitcoin,
 Author = {Andreas M. Antonopoulos},
 title = {Mastering Bitcoin: Programming the Open Blockchain},
 description = {Mastering Bitcoin: Programming the Open Blockchain (Book, 2017)},
 publisher = {O'Reilly Media},
 interhash = {2e4266ca4df6cb7d015df5ce575dbc93},
 intrahash = {b92612f886cc3727ee6566ab48cc650d},
 year = {2017},
 month = {jul},
 isbn = {9781491954386},
 url = {https://www.xarg.org/ref/a/1491954388/}
}

@misc{bitcoin_protocol_doc,
    author = "{Bitcoin Wiki contributors}",
    title = "Bitcoin Protocol Documentation",
    year = "2011",
    howpublished = "\url{https://en.bitcoin.it/wiki/Protocol_documentation}",
    note = "[Online; accessed 13-November-2019]"
}

@misc{bitcoin_script,
    author = "{Bitcoin Wiki contributors}",
    title = "Bitcoin Script Documentation",
    year = "2011",
    howpublished = "\url{https://en.bitcoin.it/wiki/Script}",
    note = "[Online; accessed 13-November-2019]"
}

@misc{bch,
  author = {Bitcoincash.org},
  title = {{BCH}},
  howpublished = "\url{https://www.bitcoincash.org/}",
  note = "[Online; accessed 28-November-2019]"
}

@misc{bsv,
  author = {bitcoinsv.io},
  title = {{BSV}},
  howpublished = "\url{https://bitcoinsv.io/}",
  note = "[Online; accessed 28-November-2019]"
}
  
@misc{amp,
    author = "{Fromknecht, Conner and Osuntokun, Olaoluwa}",
    title = "AMP: Atomic Multi-Path Payments over Lightning",
    year = "2018",
    howpublished = "\url{  https://lists.linuxfoundation.org/pipermail/lightning-dev/2018-February/000993.html}",
    note = "[Online; accessed 16-December-2019]"
}
  
@misc{c-lightning_0.8,
    author = "{Blockstream}",
    title = "Released: c-lightning 0.8.0",
    year = "2019",
    howpublished = "\url{  https://medium.com/blockstream/released-c-lightning-0-8-0-88556f5f964e}",
    note = "[Online; accessed 21-December-2019]"
}
  
@misc{bitcoin-core,
    author = "{Bitcoin contributors}",
    title = "Bitcoin reference implementation",
    howpublished = "\url{https://github.com/bitcoin/bitcoin}",
    note = "[Online; accessed 13-January-2020]"
}

@misc{ldr_client,
    author = "{João Valente}",
    title = "\acrshort{ldr} Client Implementation",
    howpublished = "\url{https://github.com/jsmvalente/ldRouting}",
    note = "[Online; accessed 13-January-2020]"
}

@misc{simulator,
    author = "{João Valente}",
    title = "Payment Routing Simulator",
    howpublished = "\url{https://github.com/jsmvalente/lightningRoutingStudy/tree/master/simulation}",
    note = "[Online; accessed 13-January-2020]"
}

@article{watts-strogatz,
  doi = {10.1038/30918},
  url = {https://www.nature.com/articles/30918},
  year = {1998},
  month = jun,
  publisher = {Springer Science and Business Media {LLC}},
  volume = {393},
  number = {6684},
  pages = {440--442},
  author = {Duncan J. Watts and Steven H. Strogatz},
  title = {Collective dynamics of `small-world' networks},
  journal = {Nature}
}

@techreport{dss,
  doi = {10.6028/nist.fips.186-4},
  url = {https://nvlpubs.nist.gov/nistpubs/FIPS/NIST.FIPS.186-4.pdf},
  year = {2013},
  month = jul,
  publisher = {National Institute of Standards and Technology},
  title = {Digital Signature Standard ({DSS})}
}

@misc{trampoline_routing,
    author = "{Bastien Teinturier}",
    title = "Trampoline Routing",
    howpublished = "\url{https://lists.linuxfoundation.org/pipermail/lightning-dev/2019-August/002100.html}",
    note = "[Online; accessed 13-January-2020]"
}

@misc{visa_tps,
    author = "{Visa}",
    title = "Visa Fact Sheet",
    howpublished = "\url{https://usa.visa.com/dam/VCOM/download/corporate/media/visanet-technology/aboutvisafactsheet.pdf}",
    note = "[Online; accessed 13-January-2020]"
}

@misc{bitcoin_tx_types,
    author = "{QuantaBytes}",
    title = "A Survey of Bitcoin Transaction Types",
    howpublished = "\url{https://www.quantabytes.com/articles/a-survey-of-bitcoin-transaction-types}",
    note = "[Online; accessed 5-July-2020]"
}

@misc{ant_routing_scalability,
    title={Ant Routing scalability for the Lightning Network},
    author={Cyril Grunspan and Gabriel Lehéricy and Ricardo Pérez-Marco},
    year={2020},
    eprint={2002.01374},
    archivePrefix={arXiv},
    primaryClass={cs.DC}
}


@article{ant_routing,
  author    = {Cyril Grunspan and
               Ricardo P{\'{e}}rez{-}Marco},
  title     = {Ant routing algorithm for the Lightning Network},
  journal   = {CoRR},
  volume    = {abs/1807.00151},
  year      = {2018},
  url       = {http://arxiv.org/abs/1807.00151},
  archivePrefix = {arXiv},
  eprint    = {1807.00151},
  timestamp = {Mon, 13 Aug 2018 16:48:03 +0200},
  biburl    = {https://dblp.org/rec/journals/corr/abs-1807-00151.bib},
  bibsource = {dblp computer science bibliography, https://dblp.org}
}

@misc{bitcoin_tps,
    author = {Evangelos Georgiadis},
    title = {How many transactions per second can bitcoin really handle ? Theoretically.},
    howpublished = {Cryptology ePrint Archive, Report 2019/416},
    year = {2019},
    note = {\url{https://eprint.iacr.org/2019/416}},
}

@misc{distance_vector,
  author = {Wikipedia},
  title = {{Distance-vector Routing}},
  howpublished = "\url{https://en.wikipedia.org/wiki/Distance-vector_routing_protocol}",
  note = "[Online; accessed 28-November-2019]"
}


@misc{mzm,
  author = {FED},
  title = {{MZM Money Stock}},
  howpublished = "\url{https://fred.stlouisfed.org/series/MZM}",
  note = "[Online; accessed 28-November-2019]"
}


@misc{currcir,
    author = "{FED}",
    title = "Currency in Circulation",
    howpublished = "\url{https://fred.stlouisfed.org/series/CURRCIR}",
    note = "[Online; accessed 13-January-2020]"
}

@misc{libsecp256k1,
    author = "{Bitcoin contributors}",
    title = "Bitcoin secp256k1 library",
    year = "2010",
    howpublished = "\url{https://github.com/bitcoin-core/secp256k1}",
    note = "[Online; accessed 13-January-2020]"
}

@book{network_science,
  author = {Barabási, Albert-László and Pósfai, Márton},
  description = {Network Science: Albert-László Barabási},
  interhash = {2dcba3ae6b58627716c5d2a63f7c0855},
  intrahash = {2a71231091413325c03aaed76c32a66b},
  isbn = {9781107076266 1107076269},
  publisher = {Cambridge University Press},
  title = {Network Science},
  url = {http://barabasi.com/networksciencebook/},
  year = 2016
}

@misc{trampoline_routing_slides,
    author = {{Bastien Teinturier}},
    title = {Improving Routing in the Lightning Network with Trampoline Payments},
    howpublished = "\url{https://docs.google.com/presentation/d/1bFu33_YFsRVUSEN-Vff5-wrxMabOFl2ck7ZTiVsp5ds/edit#slide=id.p}",
    note = "[Online; accessed 13-January-2020]"
}

@incollection{ln_topological,
  title={Topological analysis of bitcoin’s lightning network},
  author={Seres, Istv{\'a}n Andr{\'a}s and Guly{\'a}s, L{\'a}szl{\'o} and Nagy, D{\'a}niel A and Burcsi, P{\'e}ter},
  booktitle={Mathematical Research for Blockchain Economy},
  pages={1--12},
  year={2020},
  publisher={Springer}
}

@article{flare,
  title={Flare: An Approach to Routing in Lightning Network White Paper},
  author={Pavel Prihodko and Slava Zhigulin and Mykola Sahno and A. Ostrovskiy and O. Osuntokun},
  year={2016}
}